<?xml version="1.0" encoding="UTF-8"?><record xmlns="http://www.loc.gov/MARC21/slim" xmlns:cinclude="http://apache.org/cocoon/include/1.0" xmlns:zs="http://www.loc.gov/zing/srw/">
  <leader>00608cz  a2200157n  4500</leader>
  <controlfield tag="001">n  81011486 </controlfield>
  <controlfield tag="003">DLC</controlfield>
  <controlfield tag="005">20090124075617.0</controlfield>
  <controlfield tag="008">810211n| acannaabn          |b ana      </controlfield>
  <datafield tag="010" ind1=" " ind2=" ">
    <subfield code="a">n  81011486 </subfield>
  </datafield>
  <datafield tag="035" ind1=" " ind2=" ">
    <subfield code="a">(OCoLC)oca00557436</subfield>
  </datafield>
  <datafield tag="040" ind1=" " ind2=" ">
    <subfield code="a">DLC</subfield>
    <subfield code="b">eng</subfield>
    <subfield code="c">DLC</subfield>
    <subfield code="d">OCoLC</subfield>
  </datafield>
  <datafield tag="110" ind1="1" ind2=" ">
    <subfield code="a">Minnesota.</subfield>
    <subfield code="b">Legislative Advisory Task Force on Nonpublic Schools</subfield>
  </datafield>
  <datafield tag="410" ind1="1" ind2=" ">
    <subfield code="a">Minnesota.</subfield>
    <subfield code="b">Nonpublic Schools, Legislative Advisory Task Force on</subfield>
  </datafield>
  <datafield tag="410" ind1="1" ind2=" ">
    <subfield code="a">Minnesota.</subfield>
    <subfield code="b">Task Force on Nonpublic Schools, Legislative Advisory</subfield>
  </datafield>
  <datafield tag="670" ind1=" " ind2=" ">
    <subfield code="a">Its A preliminary report ... 1977:</subfield>
    <subfield code="b">cover (Legislative Advisory Task Force on Nonpublic Schools)</subfield>
  </datafield>
</record>